@article{稲垣栄洋2017踏圧処理が畦畔雑草植生に及ぼす影響,
  title={踏圧処理が畦畔雑草植生に及ぼす影響},
  author={稲垣栄洋 and 稲垣舜也 and 加藤百合子 and 河合眞 and 砂川利広},
  journal={日本緑化工学会誌},
  volume={43},
  number={1},
  pages={183--186},
  year={2017},
  publisher={日本緑化工学会}
}
@article{土谷千加夫2015自律走行のための白線と縁石に基づく自己位置推定,
  title={自律走行のための白線と縁石に基づく自己位置推定},
  author={土谷千加夫 and 浅井俊弘 and 植田宏寿 and 佐野泰仁 and 古性裕之 and others},
  journal={研究報告コンピュータビジョンとイメージメディア (CVIM)},
  volume={2015},
  number={20},
  pages={1--6},
  year={2015}
}

@inproceedings{長橋孝哉2019ニューラルネットワークを用いた畦道の雑草検出に関する研究,
  title={ニューラルネットワークを用いた畦道の雑草検出に関する研究},
  author={長橋孝哉 and 飛田和輝 and 加藤百合子},
  booktitle={精密工学会学術講演会講演論文集 2019 年度精密工学会秋季大会},
  pages={528--529},
  year={2019},
  organization={公益社団法人 精密工学会}
}